@book{groote07dubs,
  author      = {"{J.F.} Groote and {M.A.} Reniers"},
  title       = {Designing and understanding the behaviour of systems },
  year        = { 2007 },
  url         = {http://www.win.tue.nl/~jfg/educ/2IW25/herfst2007/mcrl2-book.pdf},
  publisher   = {unpublished}
} 

@book{gamma94dp,
  author      = {"Erich Gamma and Richard Helm and Ralph Johnson and John Vlissides"},
  title       = {Design Patterns; Elements of Reusable Object-Oriented Software},
  publisher   = {Addison-Wesley},
  isbn        = {0-201-63361-2},
  year        = {1994}
}

@thesis{engelen2006,
  author      = {"{L.J.P.} Engelen"},
  title       = {A {BDD} based prover for {mCRL2}},
  year        = {2007}
}

@inproceedings{weerdenburg2007,
  author     = {"{Muck van} Weerdenburg"},
  title      = {An Account of Implementing Applicative Term Rewriting},
  booktitle  = {Proceedings of the Sixth International Workshop on Reduction Strategies in Rewriting and Programming (WRS 2006)},
  series     = {Electronic Notes in Theoretical Computer Science},
  volume     = {174},
  issue      = {10},
  year       = {2007},
  pages      = {139--155},
  doi        = {http://www.sciencedirect.com/science/article/B75H1-4P1PR1K-8/1/5253768ebeae971aa59bbf60c7ba56d2}
}
