@phdthesis{weerdenburg2009,
  author      = {"{M.J. van} Weerdenburg"},
  title       = {Efficient Rewriting Techniques},
  year        = {2009}
}

@inproceedings{weerdenburg2007,
  author     = {"{Muck van} Weerdenburg"},
  title      = {An Account of Implementing Applicative Term Rewriting},
  booktitle  = {Proceedings of the Sixth International Workshop on Reduction Strategies in Rewriting and Programming (WRS 2006)},
  series     = {Electronic Notes in Theoretical Computer Science},
  volume     = {174},
  issue      = {10},
  year       = {2007},
  pages      = {139--155},
  doi        = {http://www.sciencedirect.com/science/article/B75H1-4P1PR1K-8/1/5253768ebeae971aa59bbf60c7ba56d2}
}

@misc{vanderwulp2009,
  author     = {"{Jeroen van der} Wulp"},
  title      = {Notes for the design of a reusable higher-order conditional rewriting library},
  year       = {2009}
}

@inproceedings{DBLP:conf/rta/Raamsdonk01,
  author    = {Femke van Raamsdonk},
  title     = {On Termination of Higher-Order Rewriting},
  booktitle = {RTA},
  year      = {2001},
  pages     = {261-275},
  ee        = {http://dx.doi.org/10.1007/3-540-45127-7_20},
  crossref  = {DBLP:conf/rta/2001},
  bibsource = {DBLP, http://dblp.uni-trier.de}
}

@proceedings{DBLP:conf/rta/2001,
  editor    = {Aart Middeldorp},
  title     = {Rewriting Techniques and Applications, 12th International Conference,
               {RTA} 2001, Utrecht, The Netherlands, May 22-24, 2001, Proceedings},
  series    = {Lecture Notes in Computer Science},
  volume    = {2051},
  publisher = {Springer},
  year      = {2001},
  isbn      = {3-540-42117-3},
  timestamp = {Thu, 03 Jan 2002 12:08:01 +0100},
  biburl    = {http://dblp.uni-trier.de/rec/bib/conf/rta/2001},
  bibsource = {dblp computer science bibliography, http://dblp.org}
}
