@inproceedings{mcrl2,
	author = "J.F. Groote and J.J.A. Keiren and A.H.J. Mathijssen and B. Ploeger and F.P.M. Stappers and C. Tankink and Y.S. Usenko and M.J. van Weerdenburg and J.W. Wesselink and T.A.C. Willemse and J. van der Wulp",
	title = "The m{C}{R}{L}2 toolset",
	booktitle = "Proc. International Workshop on Advanced Software Development Tools and Techniques",
	year = "2008"
@inproceedings{mcrl2language,
	author = "Jan Friso Groote and Aad Mathijssen and Michel Reniers and Yaroslav Usenko and Muck van Weerdenburg",
	title = "The Formal Specification Language m{C}{R}{L}2",
	booktitle = "Proc. Methods for Modelling Software Systems. Dagstuhl Seminar Proceedings 06351",
	year = "2007"
@misc{mcrl2lts,
	title = "m{C}{R}{L}2 --- Labelled Transition Systems",
	howpublished = {\url{http://mcrl2.org/mcrl2/wiki/index.php/Labelled_Transition_Systems}}
}
@article{bollig96,
	author = "B. Bollig and I. Wegener",
	title = "Improving the variable ordering of {O}{B}{D}{D}s is {N}{P}-complete",
	journal = "IEEE Transactions on Computers",
	volume = "45",
	number = "9",
	year = "1996",
	month = "Sep"
}
