@article{DBLP:journals/jlp/EngelsGWW09,
  author    = {Tom A. N. Engels and
               Jan Friso Groote and
               Muck van Weerdenburg and
               Tim A. C. Willemse},
  title     = {Search algorithms for automated validation},
  journal   = {J. Log. Algebr. Program.},
  volume    = {78},
  number    = {4},
  pages     = {274--287},
  year      = {2009}
}

@inproceedings{DBLP:conf/mfcs/GrooteP00,
  author    = {Jan Friso Groote and
               Jaco van de Pol},
  title     = {State Space Reduction Using Partial tau-Confluence},
  booktitle = {{MFCS}},
  series    = {Lecture Notes in Computer Science},
  volume    = {1893},
  pages     = {383--393},
  publisher = {Springer},
  year      = {2000}
}

@MISC{Blom01partialt-confluence,
    author = {Stefan Blom},
    title = {Partial t-confluence for Efficient State Space Generation},
    year = {2001}
}

@inproceedings{DBLP:conf/cav/BlomP02,
  author    = {Stefan Blom and
               Jaco van de Pol},
  title     = {State Space Reduction by Proving Confluence},
  booktitle = {{CAV}},
  series    = {Lecture Notes in Computer Science},
  volume    = {2404},
  pages     = {596--609},
  publisher = {Springer},
  year      = {2002}
}

@ARTICLE{Tarjan72depthfirst,
    author = {Robert Tarjan},
    title = {Depth first search and linear graph algorithms},
    journal = {SIAM JOURNAL ON COMPUTING},
    year = {1972},
    volume = {1},
    number = {2}
}

@misc{TarjanIterative,
  author = {Jesper Ã–qvist},
  title = {Iterative Tarjan Strongly Connected Components in Python},
  howpublished = {https://llbit.se/?p=3379},
  note = {Accessed: 2019-03-26}
}

@book{2002:BGL:504206,
 title = {The Boost Graph Library: User Guide and Reference Manual},
 year = {2002},
 isbn = {0-201-72914-8},
 publisher = {Addison-Wesley Longman Publishing Co., Inc.},
 address = {Boston, MA, USA},
 key = {{$\!\!$}} ,
 author = {Jeremy Siek and Lie-Quan Lee and Andrew Lumsdale}
} 
